@book{berg2006logica,
	title={L{\'o}gica de Programa{\c{c}}{\~a}o},
	author={Berg, A.},
	isbn={9788585692513},
	url={http://books.google.com.br/books?id=UKrDctoNzBMC},
	year={2006},
	publisher={ULBRA}
}


@book{forbellone2000logica,
	title={L{\'o}gica de programa{\c{c}}{\~a}o},
	author={Forbellone, A.L.V. and Ebersp{\~a}cher, H.F.},
	url={http://books.google.com.br/books?id=UDW1AAAACAAJ},
	year={2000},
	publisher={Makron Books}
}

@book{de2006algoritmos,
	title={Algoritmos e l{\'o}gica de programa{\c{c}}{\~a}o},
	author={de Souza, M.A.F. and GOMES, M.M. and SOARES, M.V. and CONCILIO, R.},
	url={http://books.google.com.br/books?id=ptZSPgAACAAJ},
	year={2006},
	publisher={THOMSON PIONEIRA}
}

@book{xavier2007logica,
	title={Logica de Programa{\c{c}}{\~a}o},
	author={Xavier, G.F.C.},
	series={Nova S{\'e}rie Inform{\'a}tica},
	url={http://books.google.com.br/books?id=2dZqlMRHdfMC},
	year={2007},
	publisher={SENAC S{\~a}o Paulo}
}

